<record><leader>00000cas a2200000 a 4500</leader><controlfield tag="001">12378160</controlfield><controlfield tag="008">850813d19192014ksuwr ne      0   a0eng c</controlfield><datafield ind1=" " ind2=" " tag="010"><subfield code="a">sn 85031760 </subfield></datafield><datafield ind1=" " ind2=" " tag="040"><subfield code="a">KSH</subfield><subfield code="b">eng</subfield><subfield code="c">KSH</subfield><subfield code="d">NPT</subfield><subfield code="d">OCL</subfield><subfield code="d">DLC</subfield><subfield code="d">OCLCF</subfield></datafield><datafield ind1=" " ind2=" " tag="012"><subfield code="l">1</subfield></datafield><datafield ind1="0" ind2=" " tag="022"><subfield code="a">2169-5156</subfield><subfield code="2">1</subfield></datafield><datafield ind1=" " ind2=" " tag="037"><subfield code="b">Westmoreland Recorder, P.O. Box 98, Westmoreland, KS 66549</subfield><subfield code="c">$.75 (single issue)</subfield></datafield><datafield ind1=" " ind2=" " tag="042"><subfield code="a">msc</subfield><subfield code="a">nsdp</subfield></datafield><datafield ind1="1" ind2="0" tag="050"><subfield code="a">ISSN RECORD</subfield></datafield><datafield ind1="1" ind2="0" tag="082"><subfield code="a">070</subfield><subfield code="2">23</subfield></datafield><datafield ind1="0" ind2=" " tag="130"><subfield code="a">Westmoreland recorder (Westmoreland, Kan. : 1919)</subfield></datafield><datafield ind1=" " ind2="0" tag="222"><subfield code="a">Westmoreland recorder</subfield><subfield code="b">(Westmoreland, Kan. 1919)</subfield></datafield><datafield ind1="1" ind2="0" tag="245"><subfield code="a">Westmoreland recorder.</subfield></datafield><datafield ind1=" " ind2=" " tag="260"><subfield code="a">Westmoreland, Kan. :</subfield><subfield code="b">Recorder Pub. Co.,</subfield><subfield code="c">1919-2014.</subfield></datafield><datafield ind1="2" ind2=" " tag="260"><subfield code="3">June 7, 2012-Oct. 31, 2013</subfield><subfield code="a">Westmoreland, Kan. :</subfield><subfield code="b">Jerrod D. Handly</subfield></datafield><datafield ind1="3" ind2=" " tag="260"><subfield code="3">Nov. 1, 2013-Dec. 30, 2014</subfield><subfield code="a">Westmoreland, Kan. :</subfield><subfield code="b">Christopher White Walker</subfield></datafield><datafield ind1=" " ind2=" " tag="300"><subfield code="a">v. :</subfield><subfield code="b">ill. ;</subfield><subfield code="c">55 cm.</subfield></datafield><datafield ind1=" " ind2=" " tag="310"><subfield code="a">Weekly</subfield></datafield><datafield ind1="0" ind2=" " tag="362"><subfield code="a">Vol. 35, no. 7 (May 8, 1919)-v. 133, no. 49 (Dec. 30, 2014).</subfield></datafield><datafield ind1=" " ind2=" " tag="500"><subfield code="a">Published by: O.F. Maskill, Feb. 8, 1962-Nov. 15, 1979; Harriet Maskill, Nov. 22, 1979- ?, Jerrod D. Handly &lt;2012-&gt;.</subfield></datafield><datafield ind1=" " ind2=" " tag="588"><subfield code="a">Latest issue consulted: Vol. 133, no. 49 (Dec. 30, 2014).</subfield></datafield><datafield ind1=" " ind2="0" tag="651"><subfield code="a">Westmoreland (Kan.)</subfield><subfield code="v">Newspapers.</subfield></datafield><datafield ind1=" " ind2="7" tag="655"><subfield code="a">Newspapers.</subfield><subfield code="2">fast</subfield><subfield code="0">(OCoLC)fst01423814</subfield></datafield><datafield ind1=" " ind2="7" tag="651"><subfield code="a">Kansas</subfield><subfield code="z">Westmoreland.</subfield><subfield code="2">fast</subfield><subfield code="0">(OCoLC)fst01886647</subfield></datafield><datafield ind1=" " ind2=" " tag="752"><subfield code="a">United States</subfield><subfield code="b">Kansas</subfield><subfield code="c">Pottawatomie</subfield><subfield code="d">Westmoreland.</subfield></datafield><datafield ind1="0" ind2="0" tag="780"><subfield code="t">Westmoreland recorder and the Westmoreland signal</subfield><subfield code="w">(DLC)sn 85031759</subfield><subfield code="w">(OCoLC)12378132</subfield></datafield><datafield ind1="0" ind2="0" tag="785"><subfield code="t">Pottawatomie County recorder</subfield><subfield code="w">(DLC)  2015269506</subfield><subfield code="w">(OCoLC)906037756</subfield></datafield></record>